<?xml version="1.0" encoding="UTF-8"?><collection xmlns="http://www.loc.gov/MARC21/slim"><record><leader>00426nam--2200145-i-4500</leader><controlfield tag="001">000036972</controlfield><controlfield tag="002">20161230</controlfield><controlfield tag="005">20161230201041</controlfield><controlfield tag="008">060222s1000------------r-----000-0-eng-d</controlfield><datafield ind1=" " ind2=" " tag="080"><subfield code="a">614.7(075.8)</subfield></datafield><datafield ind1=" " ind2=" " tag="100"><subfield code="a">Priest, Joseph</subfield></datafield><datafield ind1=" " ind2=" " tag="245"><subfield code="a">Problems of our physical environment. energy transportation pollution</subfield></datafield><datafield ind1=" " ind2=" " tag="260"><subfield code="a">Readin, Addison-wesley Publ.Co., 1973, 389p</subfield></datafield><datafield ind1=" " ind2=" " tag="490"><subfield code="a">Addison-wesley Series In Physics</subfield></datafield><datafield ind1=" " ind2=" " tag="852"><subfield code="a">42275</subfield></datafield></record></collection>